@article {A,
    AUTHOR = {Amiot, Claire},
     TITLE = {Cluster categories for algebras of global dimension 2 and
              quivers with potential},
   JOURNAL = {Ann. Inst. Fourier (Grenoble)},
  FJOURNAL = {Universit\'{e} de Grenoble. Annales de l'Institut Fourier},
    VOLUME = {59},
      YEAR = {2009},
    NUMBER = {6},
     PAGES = {2525--2590},
      ISSN = {0373-0956},
   MRCLASS = {16E35 (13F60 16E45 16G20)},
  MRNUMBER = {2640929},
MRREVIEWER = {Gregoire Dupont},
       URL = {http://aif.cedram.org/item?id=AIF_2009__59_6_2525_0},
}
@book {ASS,
    AUTHOR = {Assem, Ibrahim and Simson, Daniel and Skowro\'{n}ski, Andrzej},
     TITLE = {Elements of the representation theory of associative algebras.
              {V}ol. 1},
    SERIES = {London Mathematical Society Student Texts},
    VOLUME = {65},
      NOTE = {Techniques of representation theory},
 PUBLISHER = {Cambridge University Press, Cambridge},
      YEAR = {2006},
     PAGES = {x+458},
      ISBN = {978-0-521-58423-4; 978-0-521-58631-3; 0-521-58631-3},
   MRCLASS = {16G10 (16-02)},
  MRNUMBER = {2197389},
MRREVIEWER = {Peter W. Donovan},
       DOI = {10.1017/CBO9780511614309},
       URL = {https://doi.org/10.1017/CBO9780511614309},
}
@incollection {BM,
    AUTHOR = {Buan, Aslak Bakke and Marsh, Robert},
     TITLE = {Cluster-tilting theory},
 BOOKTITLE = {Trends in representation theory of algebras and related
              topics},
    SERIES = {Contemp. Math.},
    VOLUME = {406},
     PAGES = {1--30},
 PUBLISHER = {Amer. Math. Soc., Providence, RI},
      YEAR = {2006},
   MRCLASS = {16G20 (13A99 16G70 17B10)},
  MRNUMBER = {2258039},
       DOI = {10.1090/conm/406/07651},
       URL = {https://doi.org/10.1090/conm/406/07651},
}
@article {BMRRT,
    AUTHOR = {Buan, Aslak Bakke and Marsh, Robert and Reineke, Markus and
              Reiten, Idun and Todorov, Gordana},
     TITLE = {Tilting theory and cluster combinatorics},
   JOURNAL = {Adv. Math.},
  FJOURNAL = {Advances in Mathematics},
    VOLUME = {204},
      YEAR = {2006},
    NUMBER = {2},
     PAGES = {572--618},
      ISSN = {0001-8708},
   MRCLASS = {16G20 (16G70 16S99)},
  MRNUMBER = {2249625},
MRREVIEWER = {Lidia Angeleri H\"{u}gel},
       DOI = {10.1016/j.aim.2005.06.003},
       URL = {https://doi.org/10.1016/j.aim.2005.06.003},
}
@article {Guo,
    AUTHOR = {Guo, Lingyan},
     TITLE = {Cluster tilting objects in generalized higher cluster
              categories},
   JOURNAL = {J. Pure Appl. Algebra},
  FJOURNAL = {Journal of Pure and Applied Algebra},
    VOLUME = {215},
      YEAR = {2011},
    NUMBER = {9},
     PAGES = {2055--2071},
      ISSN = {0022-4049},
   MRCLASS = {16E45 (16G20 18E30)},
  MRNUMBER = {2786597},
MRREVIEWER = {Karin Baur},
       DOI = {10.1016/j.jpaa.2010.11.015},
       URL = {https://doi.org/10.1016/j.jpaa.2010.11.015},
}
@incollection {GLS,
    AUTHOR = {Geiss, Christof and Leclerc, Bernard and Schr\"{o}er, Jan},
     TITLE = {Preprojective algebras and cluster algebras},
 BOOKTITLE = {Trends in representation theory of algebras and related
              topics},
    SERIES = {EMS Ser. Congr. Rep.},
     PAGES = {253--283},
 PUBLISHER = {Eur. Math. Soc., Z\"{u}rich},
      YEAR = {2008},
   MRCLASS = {16G10 (13F99)},
  MRNUMBER = {2484728},
MRREVIEWER = {Gregoire Dupont},
       DOI = {10.4171/062-1/6},
       URL = {https://doi.org/10.4171/062-1/6},
}
@book {Ha,
    AUTHOR = {Happel, Dieter},
     TITLE = {Triangulated categories in the representation theory of
              finite-dimensional algebras},
    SERIES = {London Mathematical Society Lecture Note Series},
    VOLUME = {119},
 PUBLISHER = {Cambridge University Press, Cambridge},
      YEAR = {1988},
     PAGES = {x+208},
      ISBN = {0-521-33922-7},
   MRCLASS = {16A46 (16A48 16A62 16A64 18E30)},
  MRNUMBER = {935124},
MRREVIEWER = {Alfred G. Wiedemann},
       DOI = {10.1017/CBO9780511629228},
       URL = {https://doi.org/10.1017/CBO9780511629228},
}
@article{Q12,
	title = {$q$-{Stability} conditions via $q$-quadratic differentials for {Calabi}-{Yau}-$\mathbb{X}$ categories},
	url = {http://arxiv.org/abs/1812.00010},
	urldate = {2021-06-01},
	journal = {arXiv:1812.00010 [math]},
	author = {Ikeda, Akishi and Qiu, Yu},
	month = nov,
	year = {2020},
	note = {arXiv: 1812.00010},
	keywords = {Mathematics - Algebraic Geometry, Mathematics - Dynamical Systems, Mathematics - Representation Theory},
}
@article{Q1,
	title = {$q$-{Stability} conditions on {Calabi}--{Yau}-$\mathbb{X}$ categories},
	url = {http://arxiv.org/abs/1807.00469},
	urldate = {2021-06-01},
	journal = {arXiv:1807.00469 [math]},
	author = {Ikeda, Akishi and Qiu, Yu},
	month = mar,
	year = {2021},
	note = {arXiv: 1807.00469},
	keywords = {Mathematics - Algebraic Geometry, Mathematics - Representation Theory, Mathematics - Category Theory},
}

@article {IR,
    AUTHOR = {Iyama, Osamu and Reiten, Idun},
     TITLE = {Fomin--{Z}elevinsky mutation and tilting modules over
              {C}alabi--{Y}au algebras},
   JOURNAL = {Amer. J. Math.},
  FJOURNAL = {American Journal of Mathematics},
    VOLUME = {130},
      YEAR = {2008},
    NUMBER = {4},
     PAGES = {1087--1149},
      ISSN = {0002-9327},
   MRCLASS = {16G30 (16G20 16S38)},
  MRNUMBER = {2427009},
MRREVIEWER = {Hugh Ross Thomas},
       DOI = {10.1353/ajm.0.0011},
       URL = {https://doi.org/10.1353/ajm.0.0011},
}
@article{IY2,
	title = {Silting reduction and {Calabi}--{Yau} reduction of triangulated categories},
	url = {http://arxiv.org/abs/1408.2678},
	urldate = {2021-06-01},
	journal = {arXiv:1408.2678 [math]},
	author = {Iyama, Osamu and Yang, Dong},
	month = apr,
	year = {2018},
	note = {arXiv: 1408.2678},
	keywords = {Mathematics - Representation Theory, 16E35, 18E30, 16G99, 13F60},
}

@article {IY,
    AUTHOR = {Iyama, Osamu and Yang, Dong},
     TITLE = {Quotients of triangulated categories and equivalences of
              {B}uchweitz, {O}rlov, and {A}miot-{G}uo-{K}eller},
   JOURNAL = {Amer. J. Math.},
  FJOURNAL = {American Journal of Mathematics},
    VOLUME = {142},
      YEAR = {2020},
    NUMBER = {5},
     PAGES = {1641--1659},
      ISSN = {0002-9327},
   MRCLASS = {18G80 (14F08 16S38 18N40)},
  MRNUMBER = {4150654},
       DOI = {10.1353/ajm.2020.0041},
       URL = {https://doi.org/10.1353/ajm.2020.0041},
}
@article {K4,
    AUTHOR = {Keller, Bernhard},
     TITLE = {Deriving {DG} categories},
   JOURNAL = {Ann. Sci. \'{E}cole Norm. Sup. (4)},
  FJOURNAL = {Annales Scientifiques de l'\'{E}cole Normale Sup\'{e}rieure. Quatri\`eme
              S\'{e}rie},
    VOLUME = {27},
      YEAR = {1994},
    NUMBER = {1},
     PAGES = {63--102},
      ISSN = {0012-9593},
   MRCLASS = {18E30 (16D90)},
  MRNUMBER = {1258406},
MRREVIEWER = {Jeremy Rickard},
       URL = {http://www.numdam.org/item?id=ASENS_1994_4_27_1_63_0},
}
@article {K3,
    AUTHOR = {Keller, Bernhard},
     TITLE = {On triangulated orbit categories},
   JOURNAL = {Doc. Math.},
  FJOURNAL = {Documenta Mathematica},
    VOLUME = {10},
      YEAR = {2005},
     PAGES = {551--581},
      ISSN = {1431-0635},
   MRCLASS = {18E30 (16G20)},
  MRNUMBER = {2184464},
MRREVIEWER = {Michael S. Barot},
}
@incollection {K5,
    AUTHOR = {Keller, Bernhard},
     TITLE = {Cluster algebras, quiver representations and triangulated
              categories},
 BOOKTITLE = {Triangulated categories},
    SERIES = {London Math. Soc. Lecture Note Ser.},
    VOLUME = {375},
     PAGES = {76--160},
 PUBLISHER = {Cambridge Univ. Press, Cambridge},
      YEAR = {2010},
   MRCLASS = {13F60 (16G20 18E30)},
  MRNUMBER = {2681708},
MRREVIEWER = {Gregoire Dupont},
}
@incollection {K1,
    AUTHOR = {Keller, Bernhard},
     TITLE = {Calabi--{Y}au triangulated categories},
 BOOKTITLE = {Trends in representation theory of algebras and related
              topics},
    SERIES = {EMS Ser. Congr. Rep.},
     PAGES = {467--489},
 PUBLISHER = {Eur. Math. Soc., Z\"{u}rich},
      YEAR = {2008},
   MRCLASS = {18E30},
  MRNUMBER = {2484733},
MRREVIEWER = {Xueqing Chen},
       DOI = {10.4171/062-1/11},
       URL = {https://doi.org/10.4171/062-1/11},
}
@article {K2,
    AUTHOR = {Keller, Bernhard},
     TITLE = {Deformed {C}alabi--{Y}au completions},
      NOTE = {With an appendix by Michel Van den Bergh},
   JOURNAL = {J. Reine Angew. Math.},
  FJOURNAL = {Journal f\"{u}r die Reine und Angewandte Mathematik. [Crelle's
              Journal]},
    VOLUME = {654},
      YEAR = {2011},
     PAGES = {125--180},
      ISSN = {0075-4102},
   MRCLASS = {18E30 (13F60 16E35 16E45 18E35 18G10)},
  MRNUMBER = {2795754},
MRREVIEWER = {Gregoire Dupont},
       DOI = {10.1515/CRELLE.2011.031},
       URL = {https://doi.org/10.1515/CRELLE.2011.031},
}
@incollection {K7,
    AUTHOR = {Keller, Bernhard},
     TITLE = {On differential graded categories},
 BOOKTITLE = {International {C}ongress of {M}athematicians. {V}ol. {II}},
     PAGES = {151--190},
 PUBLISHER = {Eur. Math. Soc., Z\"{u}rich},
      YEAR = {2006},
   MRCLASS = {18E30 (14A22 16D90)},
  MRNUMBER = {2275593},
MRREVIEWER = {Volodymyr V. Lyubashenko},
}
@article {KQ,
    AUTHOR = {King, Alastair and Qiu, Yu},
     TITLE = {Exchange graphs and {E}xt quivers},
   JOURNAL = {Adv. Math.},
  FJOURNAL = {Advances in Mathematics},
    VOLUME = {285},
      YEAR = {2015},
     PAGES = {1106--1154},
      ISSN = {0001-8708},
   MRCLASS = {16G20 (13F60 16E35 18E30)},
  MRNUMBER = {3406522},
MRREVIEWER = {Alfredo N\'{a}jera Ch\'{a}vez},
       DOI = {10.1016/j.aim.2015.08.017},
       URL = {https://doi.org/10.1016/j.aim.2015.08.017},
}
@article {Op,
    AUTHOR = {Oppermann, Steffen},
     TITLE = {Quivers for silting mutation},
   JOURNAL = {Adv. Math.},
  FJOURNAL = {Advances in Mathematics},
    VOLUME = {307},
      YEAR = {2017},
     PAGES = {684--714},
      ISSN = {0001-8708},
   MRCLASS = {16G20 (13F60 18E30)},
  MRNUMBER = {3590528},
MRREVIEWER = {Jie Zhang},
       DOI = {10.1016/j.aim.2016.11.024},
       URL = {https://doi.org/10.1016/j.aim.2016.11.024},
}
