@article{KL1,
	author = {Khovanov, M and Lauda, AD},
	doi = {10.1090/s1088-4165-09-00346-x},
	journal = {Representation Theory of the American Mathematical Society},
	number = {14},
	pages = {309--347},
	title = {{A diagrammatic approach to categorification of quantum groups I}},
	volume = {13},
	year = {2009},
}

@article{KL2,
	author = {Khovanov, M and Lauda, AD},
	doi = {10.1090/s0002-9947-2010-05210-9},
	journal = {Transactions of the American Mathematical Society},
	number = {05},
	pages = {2685--2685},
	title = {{A diagrammatic approach to categorification of quantum groups II}},
	volume = {363},
	year = {2011},
}

@misc{R,
    title={{2-Kac--Moody} algebras}, 
    author={Raphael Rouquier},
    year={2008},
    url = {https://arxiv.org/abs/0812.5023},
    eprint={0812.5023},
    archivePrefix={arXiv},
    primaryClass={math.RT}
}

@article{Br,
	author = {Jonathan Brundan},
	doi = {10.4171/125-1/4},
	journal = {Advances in Representation Theory of Algebras},
	pages = {103–133},
	title = {{Quiver Hecke algebras and categorification}},
	year = {2013},
}

@misc{Re,
	author = {Reineke, M.},
	month = {04},
	title = {{Quivers, desingularizations and canonical bases}},
	url = {https://arxiv.org/abs/math/0104284},
	year = {2001},
}

@article{LV,
	author = {Lauda, AD and Vazirani, M},
	doi = {10.1016/j.aim.2011.06.009},
	journal = {Advances in Mathematics},
	number = {2},
	pages = {803--861},
	title = {{Crystals from categorified quantum groups}},
	volume = {228},
	year = {2011},
}

@misc{SVV,
    title={{Coherent categorification of quantum loop algebras: the $SL(2)$ case}}, 
    author={Peng Shan and Michela Varagnolo and Eric Vasserot},
    year={2019},
    eprint={1912.03325},
    archivePrefix={arXiv},
    primaryClass={math.RT}
}

@article{Mc,
	author = {McNamara, PJ},
	doi = {10.1515/crelle-2013-0075},
	journal = {Journal für die reine und angewandte Mathematik (Crelles Journal)},
	number = {0},
	title = {{Finite dimensional representations of Khovanov-–Lauda-–Rouquier algebras I: Finite type}},
	volume = {0},
	year = {2013},
}

@misc{Mc2,
    title={{Representation theory of geometric extension algebras}}, 
    author={Peter J. McNamara},
    year={2017},
    url = {https://arxiv.org/abs/math/1701.07949},
    eprint={1701.07949},
    archivePrefix={arXiv},
    primaryClass={math.RT}
}

@article{BKM,
	author = {Brundan, J and Kleshchev, A and McNamara, PJ},
	doi = {10.1215/00127094-2681278},
	journal = {Duke Mathematical Journal},
	number = {7},
	title = {{Homological properties of finite-type Khovanov-–Lauda-–Rouquier algebras}},
	volume = {163},
	year = {2014},
}

@article{K,
	author = {Kato, Syu},
	doi = {10.1215/00127094-2405388},
	journal = {Duke Mathematical Journal},
	number = {3},
	title = {{Poincaré–Birkhoff–Witt bases and Khovanov–-Lauda–-Rouquier algebras}},
	volume = {163},
	year = {2014},
}

@article{K2,
	author = {Kato, Syu},
	doi = {10.1353/ajm.2017.0015},
	journal = {American Journal of Mathematics},
	number = {3},
	pages = {567--615},
	title = {{An algebraic study of extension algebras}},
	volume = {139},
	year = {2017},
}

@article{CPS,
	journal = {Journal für die reine und angewandte Mathematik (Crelles Journal)},
    author={Cline, E and Parshall, B and Scott, L},
	number = {391},
	pages = {85--99},
	title = {{Finite dimensional algebras and highest weight categories}},
	volume = {1988},
	year = {1988},
}

@book{L,
    title = {Introduction to Quantum Groups},
    author = {George Lusztig},
    year = {1993},
    publisher = {Birkh\"auser},
}

@article{P,
    title={A characterization of a special ordering in a root system},
    volume={120},
    number={3},
    journal={Proceedings of the American Mathematical Society},
    author={Papi, Paolo},
    year={1994},
    pages={661--665}
}

@article{LS,
	author = {Levendorskii, S and Soibelman, Y},
	journal = {Communications in Mathematical Physics},
	number = {1},
	pages = {141--170},
	title = {{Algebras of functions on compact quantum groups, Schubert cells and quantum tori}},
	volume = {139},
	year = {1991},
}

@article{VV,
	author = {Varagnolo, M and Vasserot, E},
	journal = {Journal für die reine und angewandte Mathematik (Crelles Journal)},
	number = {659},
	pages = {67--100},
	title = {{Canonical bases and KLR-algebras}},
	volume = {2011},
	year = {2011},
}

@article{G,
	author = {Gabriel, P},
	journal = {manuscripta mathematica},
	number = {1},
	pages = {71--103},
	title = {{Unzerlegbare Darstellungen I}},
	volume = {6},
	year = {1972},
}

@article{L2,
	author = {Lusztig, G},
	journal = {Journal of the American Mathematical Society},
	number = {2},
	pages = {447--498},
	title = {{Canonical bases arising from quantized enveloping algebras}},
	volume = {3},
	year = {1990},
}

@article{Ri,
	author={Claus Michael Ringel},
	journal = {Journal für die reine und angewandte Mathematik (Crelles Journal)},
	number = {470},
	pages = {51--88},
	title = {{PBW-bases of quantum groups}},
	volume = {1996},
	year = {1996},
}

@book{Do,
	author = {Donkin, S.},
	edition = {1},
	publisher = {Cambridge University Press},
	title = {{The q-Schur Algebra (London Mathematical Society Lecture Note Series, Series Number 253)}},
	year = {1999},
}

@article{Kl15,
	author = {Kleshchev, AS},
	doi = {10.1112/plms/pdv004},
	journal = {Proceedings of the London Mathematical Society},
	number = {4},
	pages = {841--882},
	title = {{Affine highest weight categories and affine quasihereditary algebras}},
	volume = {110},
	year = {2015},
}
