@inproceedings{deligne1975courbes,
  title={Courbes elliptiques: formulaire dâ€™apres J. Tate},
  author={Deligne, Pierre},
  booktitle={Modular functions of one variable, IV (Proc. Internat. Summer School, Univ. Antwerp, Antwerp, 1972)},
  volume={476},
  pages={53--73},
  year={1975}
}

@book{miranda1989basic,
  title={The basic theory of elliptic surfaces},
  author={Miranda, Rick},
  year={1989},
  publisher={ETS}
}

@article{rao2019dolbeault,
  title={Dolbeault cohomologies of blowing up complex manifolds},
  author={Rao, Sheng and Yang, Song and Yang, Xiangdong},
  journal={Journal de Math{\'e}matiques Pures et Appliqu{\'e}es},
  volume={130},
  pages={68--92},
  year={2019},
  publisher={Elsevier}
}

@incollection{schutt2019elliptic,
  title={Elliptic surfaces},
  author={Sch{\"u}tt, Matthias and Shioda, Tetsuji},
  booktitle={Mordell--Weil Lattices},
  pages={79--114},
  year={2019},
  publisher={Springer}
}

@article{kodaira1963compact,
  title={On compact analytic surfaces II},
  author={Kodaira, K},
  journal={Ann. of Math.},
  volume={77},
  pages={563--626},
  year={1963}
}

@article{gross2000large,
  title={Large complex structure limits of K3 surfaces},
  author={Gross, Mark and Wilson, Pelham MH and others},
  journal={Journal of Differential Geometry},
  volume={55},
  number={3},
  pages={475--546},
  year={2000},
  publisher={Lehigh University}
}

@article{hein2012gravitational,
  title={Gravitational instantons from rational elliptic surfaces},
  author={Hein, Hans-Joachim},
  journal={Journal of the American Mathematical Society},
  volume={25},
  number={2},
  pages={355--393},
  year={2012}
}

@article{yau1978ricci,
  title={On the ricci curvature of a compact k{\"a}hler manifold and the complex monge-amp{\'e}re equation, I},
  author={Yau, Shing-Tung},
  journal={Communications on pure and applied mathematics},
  volume={31},
  number={3},
  pages={339--411},
  year={1978},
  publisher={Wiley Online Library}
}

@article{ooguri1996summing,
  title={Summing up Dirichlet instantons},
  author={Ooguri, Hirosi and Vafa, Cumrun},
  journal={Physical Review Letters},
  volume={77},
  number={16},
  pages={3296},
  year={1996},
  publisher={APS}
}

@article{greene1990stringy,
  title={Stringy cosmic strings and noncompact Calabi-Yau manifolds},
  author={Greene, Brian R and Shapere, Alfred and Vafa, Cumrun and Yau, Shing-Tung},
  journal={Nuclear Physics B},
  volume={337},
  number={1},
  pages={1--36},
  year={1990},
  publisher={Elsevier}
}

@article{hein2011weighted,
  title={Weighted Sobolev inequalities under lower Ricci curvature bounds},
  author={Hein, Hans-Joachim},
  journal={Proceedings of the American Mathematical Society},
  volume={139},
  number={8},
  pages={2943--2955},
  year={2011}
}

@article{garbagnati2019linear,
  title={Linear systems on rational elliptic surfaces and elliptic fibrations on K3 surfaces},
  author={Garbagnati, Alice and Salgado, Cec{\'\i}lia},
  journal={Journal of Pure and Applied Algebra},
  volume={223},
  number={1},
  pages={277--300},
  year={2019},
  publisher={Elsevier}
}

@book{griffiths1978principles,
  title={Principles of algebraic geometry},
  author={Griffiths, Phillip and Harris, Joseph},
  volume={19},
  number={8},
  year={1978},
  publisher={Wiley Online Library}
}