	


@book {Hel,
    AUTHOR = {Helgason, Sigurdur},
     TITLE = {Differential geometry, {L}ie groups, and symmetric spaces},
    SERIES = {Graduate Studies in Mathematics},
    VOLUME = {34},
      NOTE = {Corrected reprint of the 1978 original},
 PUBLISHER = {American Mathematical Society, Providence, RI},
      YEAR = {2001},
     PAGES = {xxvi+641},
      ISBN = {0-8218-2848-7},
   MRCLASS = {53C35 (22E10 22E46 22E60)},
  MRNUMBER = {1834454},
       DOI = {10.1090/gsm/034},
       URL = {https://doi.org/10.1090/gsm/034},
}
	
	
	@book {MR1451625,
    AUTHOR = {Jost, J\"{u}rgen},
     TITLE = {Nonpositive curvature: geometric and analytic aspects},
    SERIES = {Lectures in Mathematics ETH Z\"{u}rich},
 PUBLISHER = {Birkh\"{a}user Verlag, Basel},
      YEAR = {1997},
     PAGES = {viii+108},
      ISBN = {3-7643-5736-3},
   MRCLASS = {53C21 (58E20)},
  MRNUMBER = {1451625},
MRREVIEWER = {Raul Quiroga-Barranco},
       DOI = {10.1007/978-3-0348-8918-6},
       URL = {https://doi.org/10.1007/978-3-0348-8918-6},
}
	
	
	@book {Mok,
    AUTHOR = {Mok, Ngaiming},
     TITLE = {Metric rigidity theorems on {H}ermitian locally symmetric
              manifolds},
    SERIES = {Series in Pure Mathematics},
    VOLUME = {6},
 PUBLISHER = {World Scientific Publishing Co., Inc., Teaneck, NJ},
      YEAR = {1989},
     PAGES = {xiv+278},
      ISBN = {9971-50-800-1; 9971-50-802-8},
   MRCLASS = {32M15 (32C17 32H20 32L07 53C35)},
  MRNUMBER = {1081948},
MRREVIEWER = {B. Gilligan},
       DOI = {10.1142/0773},
       URL = {https://doi.org/10.1142/0773},
}

	@book {Ziller,
    AUTHOR = {Ziller},
     TITLE = {Lie groups,Representation Theorey and Symmetric Spaces},
      YEAR = {2010},
     PAGES = {333},
    ARCHIVEPREFIX = {arXiv},
}

@book {Lee,
    AUTHOR = {Lee, John M.},
     TITLE = {Introduction to smooth manifolds},
    SERIES = {Graduate Texts in Mathematics},
    VOLUME = {218},
   EDITION = {Second},
 PUBLISHER = {Springer, New York},
      YEAR = {2013},
     PAGES = {xvi+708},
      ISBN = {978-1-4419-9981-8},
   MRCLASS = {58-01 (53-01 57-01)},
  MRNUMBER = {2954043},
}

@book {Peter,
    AUTHOR = {Petersen, Peter},
     TITLE = {Riemannian geometry},
    SERIES = {Graduate Texts in Mathematics},
    VOLUME = {171},
   EDITION = {Second},
 PUBLISHER = {Springer, New York},
      YEAR = {2006},
     PAGES = {xvi+401},
      ISBN = {978-0387-29246-5; 0-387-29246-2},
   MRCLASS = {53-01 (53C20 53C21 53C23)},
  MRNUMBER = {2243772},
}

@book {Besse,
    AUTHOR = {Besse, Arthur L.},
     TITLE = {Einstein manifolds},
    SERIES = {Classics in Mathematics},
      NOTE = {Reprint of the 1987 edition},
 PUBLISHER = {Springer-Verlag, Berlin},
      YEAR = {2008},
     PAGES = {xii+516},
      ISBN = {978-3-540-74120-6},
   MRCLASS = {53C25 (53-02)},
  MRNUMBER = {2371700},
}


	