@book { kac,
    author    = {Kac, V.},
    title     = {Vertex Algebras for Beginners},
    edition   = {2},
    series    = {University Lecture Series},
    number    = {10},
    year      = {1998},
    publisher = {American Mathematical Society}
}

@book { frenkel-ben-zvi,
    author    = {Frenkel, E. and Ben-Zvi, D.},
    title     = {Vertex Algebras and Algebraic Curves},
    edition   = {2},
    series    = {Mathematical Surveys and Monographs},
    number    = {88},
    year      = {2004},
    publisher = {American Mathematical Society}
}

% @article { chiral-de-rham,
%     author  = {Malikov, F. and Schechtman, V. and Vaintrob, A.},
%     title   = {Chiral de Rham Complex},
%     journal = {Communications in Mathematical Physics},
%     volume  = {204},
%     number  = {2},
%     year    = {1999},
%     pages   = {439--473}
% }

@book { cft,
    author    = {Di Francesco, P. and Mathieu, P. and Sénéchal, D.},
    title     = {Conformal Field Theory},
    series    = {Graduate Texts in Contemporary Physics},
    year      = {1997},
    publisher = {Springer}
}

@article { zhu,
    author  = {Y. Zhu},
    title   = {Modular Invariance of Characters of Vertex Operator Algebras},
    journal = {Journal of the American Mathematical Society},
    volume  = {9},
    number  = {1},
    year    = {1996},
    pages   = {237--302}
}

@online { regularized,
    author  = {S. Li and J. Zhou},
    title   = {Regularized Integrals on Riemann Surfaces and Modular Forms},
    year    = {2020},
    eprint  = {2008.07503},
    archivePrefix = {arXiv}
}

@online { voabv,
    author  = {S. Li},
    title   = {Vertex algebras and quantum master equation},
    year    = {2016},
    eprint  = {1612.01292},
    archivePrefix = {arXiv},
    note    = {To appear in \textit{Journal of Differential Geometry}}
}

@article { borcherds86,
    author  = {R. Borcherds},
    year    = {1986},
    title   = {Vertex algebras, Kac--Moody algebras, and the Monster},
    journal = {Proceedings of the National Academy of Sciences of the USA},
    volume  = {83},
    number  = {10},
    pages   = {3068--3071}
}

@article { borcherds92,
    author  = {R. Borcherds},
    year    = {1992},
    title   = {Monstrous moonshine and monstrous Lie superalgebras},
    journal = {Inventiones Mathematicae},
    volume  = {109},
    pages   = {405--444}
}

@book { flm,
    author    = {I. Frenkel and J. Lepowsky and A. Meurman},
    year      = {1988},
    title     = {Vertex Operator Algebras and the Monster},
    series    = {Pure and Applied Mathematics},
    number    = {134},
    publisher = {Elsevier}
}

@article { algindex,
    author  = {Z. Gui and S. Li and K. Xu},
    title   = {Geometry of Localized Effective Theories, Exact Semi-classical Approximation and the Algebraic Index},
    year    = {2021},
    journal = {Communications in Mathematical Physics},
    volume  = {382},
    pages   = {441--483}
}

@book { factorization,
    author   = {K. Costello and O. Gwilliam},
    year     = {2016},
    title    = {Factorization Algebras in Quantum Field Theory},
    note     = {Preprint}
}

@online { rosellen,
    author  = {M. Rosellen},
    title   = {A Course in Vertex Algebra},
    year    = {2006},
    eprint  = {math/0607270},
    archivePrefix = {arXiv}
}

@book { w-alg,
    author = {T. Arakawa and A. Moreau},
    year   = {2016},
    title  = {Lectures on W-algebras},
    note   = {Preprint}
}

@book { kac-infinite,
    author  = {V. Kac},
    year    = {1983},
    title   = {Infinite Dimensional Lie Algebras},
    series  = {Progress in Mathematics},
    number  = {44},
    publisher = {Birkhäuser}
}

@article { chiral-de-rham,
   author  = {F. Malikov and V. Schechtman and A. Vaintrob},
   title   = {Chiral de Rham Complex},
   volume  = {204},
   number  = {2},
   journal = {Communications in Mathematical Physics},
   year    = {1999},
   pages   = {439--473}
}

@book { chiral-algebras,
    author  = {A. Beilinson and V. Drinfeld},
    title   = {Chiral Algebras},
    year    = {2004},
    series  = {Colloquium Publications},
    number  = {51},
    publisher = {American Mathematical Society}
}

@article { lian,
    author  = {Lian, B. H. and Zuckerman, G. J.},
    title   = {New perspectives on the BRST-algebraic structure of string theory},
    volume  = {154},
    number  = {3},
    journal = {Communications in Mathematical Physics},
    year    = {1993},
    pages   = {613--646}
}

@book { elliptic,
    author = {K. Chandrasekharan},
    title  = {Elliptic Functions},
    year   = {1985},
    series = {Grundlehren der mathematischen Wissenschaften},
    number = {281},
    publisher = {Springer}
}

