@article{Tate,
  title={Fourier analysis in number fields and Hecke's zeta-functions},
  author={ Tate, J. T. },
  journal={Algebraic number theory},
  year={1967},
}

@article{B-H,
  title={The Local Langlands Conjecture for GL(2)},
  author={ Bushnell, C. J.  and  Henniart, G. },
  journal={Grundlehren der mathematischen Wissenschaften },
  year={2006},
}
    
@article{Bump,
  title={Automorphic forms and representations},
  author={ Bump, D. },
  journal={Cambridge University Press },
  year={1998},
}

@article{G-J,
  title={Zeta functions of simple algebras},
  author={ Godement, R and Jacquet, H. },
  journal={Lecture Notes in Mathematics},
  volumn={260},
  year={1972},
}
    
@article{G-H,
  title={Automorphic Representations and L-Functions for the General Linear Group Volume I},
  author={ Goldfeld, D.  and  Hundley, J.  and  Faber, X. },
  journal={Cambridge Studies in Advanced Mathmatics},
  year={2011},
}

@article{Gai,
  author          = { Gaitsgory, D},
  title           = {Notes on Representations of Real Reductive Groups},
  year            = {2017},
}
  
@article{R-V,
  title={Fourier Analysis on Number Fields },
  author={ Ramakrishnan, D.  and  Valenza, R. J. },
  journal={Graduate Texts in Mathematics },
  year={1999},
}

@article{Li,
  title={Zeta integrals, Schwartz spaces and local functional equations},
  author={ Li, Wen Wei },
  journal={Lecture Notes in Mathematics},
  year={2015},
}
  
@article{A-C,
  title={Traces of Hecke Operators},
  author={ Knightly, A.  and  Li, C. },
  journal={American Mathematical Society},
  year={2006},
}
  
@article{B-G,
  title={An Introduction to the Langlands Program},
  author={Bump, D. and Cogdell, J. W. and  Shalit, E. D. and  D. Gaitsgory and  Kudla, S. S. },
  journal={Birkh√§user Boston},
  year={2004},
}
