@article{BN,
  author     = {Bingyi Chen and Naveed Hussain and S.S.-T. Yau and Huaiqing Zuo},
  title      = {Variation of complex structures and variation of 
  Lie algebras: New Lie algebras arising from singulatiries},
  journal    = {J. Differential Geom.},
  year       = {2020},
  volume     = {0},
  pages      = {1--37},
}

@article{Yau,
  author     = {S. S.-T.Yau},
  title      = {Solvable Lie algebras and generalized Cartan matrices arising from isolated singularities},
  journal    = {Math. Z. },
  year       = {1986},
  volume     = {191},
  pages      = {489--506},
}

@article{Yau5,
  author     = {S. S.-T.Yau},
  title      = {Solvability of Lie algebras arising from isolated singularities and nonisolatedness of singularities defined by $sl(2,\mathbb{C})$ invariant polynomials},
  journal    = {Amer. J. Math.},
  year       = {1991},
  volume     = {113},
  pages      = {773--778},
}

@article{MY,
  author     = {J. Mather and S. S.-T.Yau},
  title      = {Classification of isolated hypersurface singularities by their moduli algebras},
  journal    = {Invent. Math.},
  year       = {1982},
  volume     = {69},
  pages      = {243--251},
}

@article{Di,
  author     = {A. Dimca},
  title      = {Are the isolated singularities of complete intersections determined by their singular subspaces},
  journal    = {Math. Ann.},
  year       = {1984},
  volume     = {267},
  pages      = {461--472},
}

@article{SY,
  author     = {C. Seeley and S. S.-T.Yau},
  title      = {Variation of complex structure and variation of Lie algebras},
  journal    = {Invent. Math.},
  year       = {1990},
  volume     = {99},
  pages      = {545--565},
}
		
		\bibitem[GL]{GL}
		
@book{GL,
  author     = {G.-M. Greuel and C. Lossen and E. Shustin},
  title      = {Introduction to singularities and deformations},
  address    = {New York},
  publisher  = {Springer-Verlag Berlin Heidelberg},
  year       = {2007},
  pages      = {},
  key        = {guanjianci?},
}
		
